<record><leader>00000cas a2200000 a 4500</leader><controlfield tag="001">13864639</controlfield><controlfield tag="008">860714d19211967kyuwr ne      0    0eng d</controlfield><datafield ind1=" " ind2=" " tag="010"><subfield code="a">sn 86069268 </subfield></datafield><datafield ind1=" " ind2=" " tag="040"><subfield code="a">KNP</subfield><subfield code="b">eng</subfield><subfield code="c">KNP</subfield><subfield code="d">DLC</subfield><subfield code="d">KNP</subfield><subfield code="d">OCL</subfield><subfield code="d">OCLCQ</subfield><subfield code="d">KYUBL</subfield><subfield code="d">OCLCQ</subfield><subfield code="d">OCLCF</subfield><subfield code="d">OCLCO</subfield></datafield><datafield ind1="1" ind2=" " tag="029"><subfield code="a">AU@</subfield><subfield code="b">000022171623</subfield></datafield><datafield ind1=" " ind2=" " tag="042"><subfield code="a">msc</subfield></datafield><datafield ind1=" " ind2=" " tag="043"><subfield code="a">n-us-ky</subfield></datafield><datafield ind1="0" ind2=" " tag="130"><subfield code="a">Herald-news (Hodgenville, Ky.)</subfield></datafield><datafield ind1="1" ind2="4" tag="245"><subfield code="a">The herald-news.</subfield></datafield><datafield ind1=" " ind2=" " tag="260"><subfield code="a">Hodgenville, Ky. :</subfield><subfield code="b">E.W. Creal &amp; R.M. Munford,</subfield><subfield code="c">-1967.</subfield></datafield><datafield ind1=" " ind2=" " tag="300"><subfield code="a">v. :</subfield><subfield code="b">ill.</subfield></datafield><datafield ind1=" " ind2=" " tag="310"><subfield code="a">Weekly</subfield></datafield><datafield ind1="1" ind2=" " tag="362"><subfield code="a">Began with Jan. 6, 1921 issue.</subfield></datafield><datafield ind1="0" ind2=" " tag="362"><subfield code="a">-v. 82, no. 40 (Mar. 16, 1967).</subfield></datafield><datafield ind1=" " ind2=" " tag="500"><subfield code="a">Title varies slightly.</subfield></datafield><datafield ind1=" " ind2=" " tag="515"><subfield code="a">Jan. 13, 1921 issue misdated Jan. 13, 1920.</subfield></datafield><datafield ind1=" " ind2=" " tag="588"><subfield code="a">Description based on: Vol. 1, no. 2 (Jan. 13, 1921).</subfield></datafield><datafield ind1=" " ind2="0" tag="651"><subfield code="a">Hodgenville (Ky.)</subfield><subfield code="v">Newspapers.</subfield></datafield><datafield ind1=" " ind2="0" tag="651"><subfield code="a">Larue County (Ky.)</subfield><subfield code="v">Newspapers.</subfield></datafield><datafield ind1=" " ind2="7" tag="655"><subfield code="a">Newspapers.</subfield><subfield code="2">fast</subfield><subfield code="0">(OCoLC)fst01423814</subfield></datafield><datafield ind1=" " ind2="7" tag="651"><subfield code="a">Kentucky</subfield><subfield code="z">Hodgenville.</subfield><subfield code="2">fast</subfield><subfield code="0">(OCoLC)fst01230681</subfield></datafield><datafield ind1=" " ind2="7" tag="651"><subfield code="a">Kentucky</subfield><subfield code="z">Larue County.</subfield><subfield code="2">fast</subfield><subfield code="0">(OCoLC)fst01223188</subfield></datafield><datafield ind1=" " ind2=" " tag="752"><subfield code="a">United States</subfield><subfield code="b">Kentucky</subfield><subfield code="c">LaRue</subfield><subfield code="d">Hodgenville.</subfield></datafield><datafield ind1="0" ind2="4" tag="780"><subfield code="t">LaRue County herald</subfield><subfield code="w">(DLC)sn 86069269</subfield></datafield><datafield ind1="0" ind2="4" tag="780"><subfield code="t">LaRue County news</subfield><subfield code="w">(DLC)sn 86069283</subfield></datafield><datafield ind1="0" ind2="0" tag="785"><subfield code="t">LaRue County herald news</subfield><subfield code="w">(DLC)sn 86069270</subfield></datafield></record>